@inproceedings{caliskan2015anonymizing,
  title={De-anonymizing programmers via code stylometry},
  author={Caliskan-Islam, Aylin and Harang, Richard and Liu, Andrew and Narayanan, Arvind and Voss, Clare and Yamaguchi, Fabian and Greenstadt, Rachel},
  booktitle={24th USENIX Security Symposium (USENIX Security), Washington, DC},
  year={2015}
}

@article{alon2018code2vec,
  title={code2vec: Learning Distributed Representations of Code},
  author={Alon, Uri and Zilberstein, Meital and Levy, Omer and Yahav, Eran},
  journal={arXiv preprint arXiv:1803.09473},
  year={2018}
}

@inproceedings{alsulami2017source,
  title={Source Code Authorship Attribution Using Long Short-Term Memory Based Networks},
  author={Alsulami, Bander and Dauber, Edwin and Harang, Richard and Mancoridis, Spiros and Greenstadt, Rachel},
  booktitle={European Symposium on Research in Computer Security},
  pages={65--82},
  year={2017},
  organization={Springer}
}

@article{alon2018general,
  title={A general path-based representation for predicting program properties},
  author={Alon, Uri and Zilberstein, Meital and Levy, Omer and Yahav, Eran},
  journal={arXiv preprint arXiv:1803.09544},
  year={2018}
}